@article{LPMM2016,
  title={Fast, flexible MUS enumeration},
  author={Liffiton, Mark H and Previti, Alessandro and Malik, Ammar and Marques-Silva, Joao},
  journal={Constraints},
  volume={21},
  pages={223--250},
  year={2016},
  publisher={Springer}
}