@article{LPMM2016,
  title={Fast, flexible MUS enumeration},
  author={Liffiton, Mark H and Previti, Alessandro and Malik, Ammar and Marques-Silva, Joao},
  journal={Constraints},
  volume={21},
  pages={223--250},
  year={2016},
  publisher={Springer}
}
@inproceedings{BM2021,
  title={Counting minimal unsatisfiable subsets},
  author={Bend{\'\i}k, Jaroslav and Meel, Kuldeep S},
  booktitle={International Conference on Computer Aided Verification},
  pages={313--336},
  year={2021},
  organization={Springer}
}
@inproceedings{Wieringa2012,
  title={Understanding, improving and parallelizing MUS finding using model rotation},
  author={Wieringa, Siert},
  booktitle={International Conference on Principles and Practice of Constraint Programming},
  pages={672--687},
  year={2012},
  organization={Springer}
}
@article{DW1987,
  title={Diagnosing multiple faults},
  author={De Kleer, Johan and Williams, Brian C},
  journal={Artificial intelligence},
  volume={32},
  number={1},
  pages={97--130},
  year={1987},
  publisher={Elsevier}
}
@article{Reiter1987,
  title={A theory of diagnosis from first principles},
  author={Reiter, Raymond},
  journal={Artificial intelligence},
  volume={32},
  number={1},
  pages={57--95},
  year={1987},
  publisher={Elsevier}
}
@incollection{MIMML2014,
  title={Efficient autarkies},
  author={Marques-Silva, Joao and Ignatiev, Alexey and Morgado, Ant{\'o}nio and Manquinho, Vasco and Lynce, In{\^e}s},
  booktitle={ECAI 2014},
  pages={603--608},
  year={2014},
  publisher={IOS Press}
}